<collection xmlns="http://www.loc.gov/MARC21/slim">
<record>
  <leader>01203nam0a22002291i 450 </leader>
  <controlfield tag="001">IT\ICCU\CNCE\080087</controlfield>
  <controlfield tag="005">20190502000000.0</controlfield>
  <datafield tag="012" ind1=" " ind2=" ">
    <subfield code="a">l-er e.e; o.e, VoVo (C) 1596 (Q)</subfield>
    <subfield code="2">fei</subfield>
  </datafield>
  <datafield tag="100" ind1=" " ind2=" ">
    <subfield code="a">20190430f1596        0itac0103    ba</subfield>
  </datafield>
  <datafield tag="101" ind1=" " ind2=" ">
    <subfield code="a">ITA</subfield>
  </datafield>
  <datafield tag="102" ind1=" " ind2=" ">
    <subfield code="a">IT</subfield>
  </datafield>
  <datafield tag="200" ind1="1" ind2=" ">
    <subfield code="a">Conuersione d&apos;vna giouane peccatrice, tornata a penitenza; composta in dialogo dal sig. Bernardino Triuerio fisico di Santi,̉ con altre deuote rime spirituali, nuouamente dat in luce</subfield>
  </datafield>
  <datafield tag="210" ind1=" " ind2=" ">
    <subfield code="a">In Vercelli</subfield>
    <subfield code="c">per Francesco Pelippari</subfield>
    <subfield code="d">&amp; Leonardo Pontio stampatori della Mensa Episcopale</subfield>
    <subfield code="d"></subfield>
    <subfield code="d">\1596!</subfield>
  </datafield>
  <datafield tag="215" ind1=" " ind2=" ">
    <subfield code="a">\10! c.</subfield>
    <subfield code="d">4ʻ</subfield>
  </datafield>
  <datafield tag="300" ind1=" " ind2=" ">
    <subfield code="a">La data di stampa si ricava dalla dedica</subfield>
  </datafield>
  <datafield tag="620" ind1=" " ind2=" ">
    <subfield code="a">IT</subfield>
    <subfield code="d">Vercelli</subfield>
  </datafield>
  <datafield tag="700" ind1=" " ind2="1">
    <subfield code="a">Triverio,</subfield>
    <subfield code="b">Bernardino</subfield>
    <subfield code="3">IT\ICCU\CNCA\026894</subfield>
  </datafield>
  <datafield tag="712" ind1="0" ind2="0">
    <subfield code="a">Pellipari, Giovanni Francesco &amp; Da_Ponte, Leonardo</subfield>
    <subfield code="3">IT\ICCU\CNCT\001691</subfield>
    <subfield code="4">650</subfield>
  </datafield>
  <datafield tag="791" ind1="0" ind2="0">
    <subfield code="a">Pelippari, Francesco &amp; Pontio, Leonardo</subfield>
    <subfield code="3">IT\ICCU\CNCT\002474</subfield>
    <subfield code="z">Pellipari, Giovanni Francesco &amp; Da_Ponte, Leonardo</subfield>
  </datafield>
  <datafield tag="801" ind1=" " ind2="3">
    <subfield code="a">IT</subfield>
    <subfield code="b">ICCU</subfield>
    <subfield code="c">20201115</subfield>
  </datafield>
  <datafield tag="911" ind1=" " ind2=" ">
    <subfield code="a">Sul front.</subfield>
    <subfield code="9">IT\ICCU\CNCM\001320</subfield>
  </datafield>
  <datafield tag="921" ind1=" " ind2=" ">
    <subfield code="a">IT\ICCU\CNCM\001320</subfield>
    <subfield code="b">Guerriero tiene in mano e mostra una pelle scorticata</subfield>
    <subfield code="e">Victa pellis decus pariet</subfield>
    <subfield code="c">Z729</subfield>
    <subfield code="f">VICTAPELLI</subfield>
    <subfield code="f">GUERRIERO</subfield>
    <subfield code="g">1581-1597</subfield>
  </datafield>
</record>
</collection>
